@misc{comodo_2021, title={What is Email Spam: Best Ways to Prevent Spam Emails}, url={https://blog.comodo.com/email-security/what-is-email-spam/}, journal={Comodo News and Internet Security Information}, publisher={Comodo}, author={Comodo}, year={2021}, month=Mar} 
@misc{gatefy_2021, title={7 most common types of email spam and how to identify}, url={https://gatefy.com/blog/most-common-types-email-spam/}, journal={Gatefy}, author={Gatefy}, year={2021}, month=Mar} 
@misc{johnson_2021, title={Spam statistics: spam e-mail traffic share 2019}, url={https://www.statista.com/statistics/420391/spam-email-traffic-share/}, journal={Statista}, author={Johnson, Joseph}, year={2021}, month=Feb} 
@misc{wikipedia_2021_email, title={Email spam}, url={https://en.wikipedia.org/wiki/Email_spam}, journal={Wikipedia}, publisher={Wikimedia Foundation}, author={Wikipedia}, year={2021}, month=Apr} 
@misc{kaspersky_2021, title={What are the different types of ransomware}, url={https://www.kaspersky.com.au/resource-center/threats/ransomware-examples}, journal={www.kaspersky.com.au}, publisher={Kaspersky}, author={Kaspersky}, year={2021}, month=Jan} 
@misc{verizon, title={2020 Data Breach Investigations Report}, author={Verizon}, url={https://enterprise.verizon.com/en-gb/resources/reports/dbir/}, journal={Verizon Enterprise}, year={2020}} 
@misc{kaspersky, title={Damage caused by spam}, url={https://encyclopedia.kaspersky.com/knowledge/damage-caused-by-spam/}, journal={Kaspersky IT Encyclopedia}, author={Kaspersky}} 
@misc{ragab_sharkas_marshall_ren_2019, title={Breast cancer detection using deep convolutional neural networks and support vector machines}, url={https://www.ncbi.nlm.nih.gov/pmc/articles/PMC6354665/}, journal={PeerJ}, publisher={PeerJ Inc.}, author={Ragab, Dina A and Sharkas, Maha and Marshall, Stephen and Ren, Jinchang}, year={2019}, month=Jan}
@book{cisa_cert_2013, url={https://us-cert.cisa.gov/security-publications/recognizing-and-avoiding-email-scams}, journal={Recognizing and Avoiding Email Scams}, author={CISA and CERT}, year={2013}, month=Feb} 
@article{spam_jiss,
author = {Park, Insu and Sharman, Raj and Rao, Raghav and Upadhyaya, S}, year = {2016}, month = {01}, pages = {}, title = {The Effect of Spam and Privacy Concerns on E-mail Users' Behavior}, journal = {ACM Transactions on Information and System Security - TISSEC}}
@article{soam_malware,author = {Broadhurst, Roderic and Trivedi, Harshit}, year = {2020}, month = {09}, pages = {1-18},title = {Malware in spam email: Risks and trends in the Australian Spam Intelligence Database, Trends \& issues in crime and criminal justice}, volume = {603}, journal = {Trends and Issues in Crime and Criminal Justice}}
@misc{moir_2009, title={Defining Malware: FAQ}, url={https://docs.microsoft.com/en-us/previous-versions/tn-archive/dd632948(v=technet.10)\?redirectedfrom=MSDN}, journal={Microsoft Docs}, publisher={Microsoft}, author={Moir, Robert}, year={2009}, month=Jan} 
@article{spam_phishing, author = {Hoonakker, P.L.T. and Carayon, Pascale and Bornø, Nis}, year = {2009}, month = {08}, pages = {}, title = {Spamming, spoofing and phishing E-mail security: A survey among end-users}}
@misc{bbc_2016, title={Three US hospitals hit by ransomware}, url={https://www.bbc.com/news/technology-35880610}, journal={BBC News}, publisher={BBC}, author={BBC}, year={2016}, month=Mar} 
@misc{cisco_2019, place={San Jose}, title={Email: Click with Caution}, publisher={CISCO}, author={Cisco}, year={2019}, month=Jun} 
@misc{boag_2020, title={6 Reasons You Can Never Trust Users!}, url={https://mediatemple.net/blog/web-development-tech/6-reasons-can-never-trust-users/}, journal={The Media Temple Blog}, author={Boag, Paul}, year={2020}, month=Mar} 
@misc{gluck_2018, title={Guide to Spam Filters}, url={https://hostway.com/guide-to-spam-filters/}, journal={Hostway}, author={Gluck, Samantha}, year={2018}, month=Jan} 
@article{tewari_jangale_2016, title={Spam Filtering Methods and machine Learning Algorithm - A Survey}, volume={154}, DOI={10.5120/ijca2016912153}, number={6}, journal={International Journal of Computer Applications}, author={Tewari, Abha and Jangale, Smita}, year={2016}, pages={8–12}} 
@article{hybrid_2018, title={Hybrid spam detection using machine learning}, volume={4}, url={https://www.ijariit.com/\?utm_source=pdf\&amp;utm_medium=edition\&amp;utm_campaign=OmAkSols\&amp;utm_term=V4I2-1925}, number={2}, journal={International Journal of Advance Research, Ideas and Innovations in Technology}, author={Jawale, Diksha S and Mahajan, Ashwini G and Shinkar, Kalyani R and Katdare, Vaishnavi V}, year={2018}} 
@article{dongre_patidar_2019, title={E-Mail Spam Classification Using Long Short-Term Memory Method}, volume={5}, url={https://ijsret.com/}, number={5}, journal={International Journal of Scientific Research \&amp; Engineering Trends}, author={Dongre, Shripriya and Patidar, Kamlesh}, year={2019}} 
@article{agarwal_uniyal_virendrasingh_krishna_dutt_2020, title={Spam Mail Classification Using Ensemble and Non-Ensemble Machine Learning Algorithms}, url={https://www.researchgate.net/publication/340003861_Spam_Mail_Classification_Using_Ensemble_and_Non-Ensemble_Machine_Learning_Algorithms}, DOI={10.1007/978-981-15-7106-0_18}, journal={Machine Learning for Predictive Analysis}, author={Agarwal, Khyati and Uniyal, Prakhar and Virendrasingh, Suryavanshi and Krishna, Sai and Dutt, Varun}, year={2020}, pages={179–189}} 